@article{Frohlich,
  author  = {H. Frohlich}, 
  title   = {Advances in Physics 3},
  year    = 1954,
  number  = 325,
  note    = {References to other work is given here.}, 
}

@article{Feynman,
  author  = {R. P. Feynman}, 
  title   = {Phys. Rev. 80},
  year    = 1950,
  number  = 440,
}